%%%%%%%%%%%%%%%%%%%%%%%%%%%%%%%%%%%%%%%%%%%%%%%%%%%%%%%%%%%%%%%%%%%%%%%
% SELF CITATIONS
%%%%%%%%%%%%%%%%%%%%%%%%%%%%%%%%%%%%%%%%%%%%%%%%%%%%%%%%%%%%%%%%%%%%%%%

@article{Bellagente2019,
	title={{How to GAN away Detector Effects}},
	author={Marco Bellagente and Anja Butter and Gregor Kasieczka and Tilman Plehn and Ramon Winterhalder},
	journal={SciPost Phys.},
	volume={8},
	issue={4},
	pages={70},
	year={2020},
	publisher={SciPost},
	doi={10.21468/SciPostPhys.8.4.070},
	url={https://scipost.org/10.21468/SciPostPhys.8.4.070},
}


%%%%%%%%%%%%%%%%%%%%%%%%%%%%%%%%%%%%%%%%%%%%%%%%%%%%%%%%%%%%%%%%%%
%% INTRODUCTION
%%%%%%%%%%%%%%%%%%%%%%%%%%%%%%%%%%%%%%%%%%%%%%%%%%%%%%%%%%%%%%%%%%

%black book 
@book{black_book,
      author         = "Campbell, John and Huston, Joey and Krauss, Frank",
      title          = "{The Black Book of Quantum Chromodynamics}",
      publisher      = "Oxford University Press",
      year           = "2017",
      url            = "https://global.oup.com/academic/product/the-black-book-of-quantum-chromodynamics-9780199652747",
      ISBN           = "9780199652747",
      SLACcitation   = "%%CITATION = INSPIRE-1635686;%%"
}

%%%%%%%%%%%%%%%%%%%%%%%%%%%%%%%%%%%%%%%%%%%%%%%%%%%%%%%%%%%%%%%%%%
%% TOOLS
%%%%%%%%%%%%%%%%%%%%%%%%%%%%%%%%%%%%%%%%%%%%%%%%%%%%%%%%%%%%%%%%%%

%madgraph
@article{Alwall:2014hca,
      author         = "Alwall, J. and Frederix, R. and Frixione, S. and Hirschi,
                        V. and Maltoni, F. and Mattelaer, O. and Shao, H. -S. and
                        Stelzer, T. and Torrielli, P. and Zaro, M.",
      title          = "{The automated computation of tree-level and
                        next-to-leading order differential cross sections, and
                        their matching to parton shower simulations}",
      journal        = "JHEP",
      volume         = "07",
      year           = "2014",
      pages          = "079",
      doi            = "10.1007/JHEP07(2014)079",
      eprint         = "1405.0301",
      archivePrefix  = "arXiv",
      primaryClass   = "hep-ph",
      reportNumber   = "CERN-PH-TH-2014-064, CP3-14-18, LPN14-066, MCNET-14-09,
                        ZU-TH-14-14",
      SLACcitation   = "%%CITATION = ARXIV:1405.0301;%%"
}

%pythia 
@article{Sjostrand:2006za,
      author         = "Sjostrand, Torbjorn and Mrenna, Stephen and Skands, Peter
                        Z.",
      title          = "{PYTHIA 6.4 Physics and Manual}",
      journal        = "JHEP",
      volume         = "05",
      year           = "2006",
      pages          = "026",
      doi            = "10.1088/1126-6708/2006/05/026",
      eprint         = "hep-ph/0603175",
      archivePrefix  = "arXiv",
      primaryClass   = "hep-ph",
      reportNumber   = "FERMILAB-PUB-06-052-CD-T, LU-TP-06-13",
      SLACcitation   = "%%CITATION = HEP-PH/0603175;%%"
}

%delphes
@article{deFavereau:2013fsa,
      author         = "de Favereau, J. and Delaere, C. and Demin, P. and
                        Giammanco, A. and Lema√Ætre, V. and Mertens, A. and
                        Selvaggi, M.",
      title          = "{DELPHES 3, A modular framework for fast simulation of a
                        generic collider experiment}",
      collaboration  = "DELPHES 3",
      journal        = "JHEP",
      volume         = "02",
      year           = "2014",
      pages          = "057",
      doi            = "10.1007/JHEP02(2014)057",
      eprint         = "1307.6346",
      archivePrefix  = "arXiv",
      primaryClass   = "hep-ex",
      SLACcitation   = "%%CITATION = ARXIV:1307.6346;%%"
}

%feynrules
@article{Christensen:2008py,
      author         = "Christensen, Neil D. and Duhr, Claude",
      title          = "{FeynRules - Feynman rules made easy}",
      journal        = "Comput. Phys. Commun.",
      volume         = "180",
      year           = "2009",
      pages          = "1614-1641",
      doi            = "10.1016/j.cpc.2009.02.018",
      eprint         = "0806.4194",
      archivePrefix  = "arXiv",
      primaryClass   = "hep-ph",
      reportNumber   = "MSUHEP-080616, CP3-08-20",
      SLACcitation   = "%%CITATION = ARXIV:0806.4194;%%"
}

%sherpa
@article{Gleisberg:2008ta,
      author         = "Gleisberg, T. and Hoeche, Stefan. and Krauss, F. and
                        Schonherr, M. and Schumann, S. and Siegert, F. and Winter,
                        J.",
      title          = "{Event generation with SHERPA 1.1}",
      journal        = "JHEP",
      volume         = "02",
      year           = "2009",
      pages          = "007",
      doi            = "10.1088/1126-6708/2009/02/007",
      eprint         = "0811.4622",
      archivePrefix  = "arXiv",
      primaryClass   = "hep-ph",
      reportNumber   = "FERMILAB-PUB-08-477-T, SLAC-PUB-13420, ZU-TH-17-08,
                        DCPT-08-138, IPPP-08-69, EDINBURGH-2008-30, MCNET-08-14",
      SLACcitation   = "%%CITATION = ARXIV:0811.4622;%%"
}

%comix
@article{Gleisberg:2008fv,
      author         = "Gleisberg, Tanju and Hoeche, Stefan",
      title          = "{Comix, a new matrix element generator}",
      journal        = "JHEP",
      volume         = "12",
      year           = "2008",
      pages          = "039",
      doi            = "10.1088/1126-6708/2008/12/039",
      eprint         = "0808.3674",
      archivePrefix  = "arXiv",
      primaryClass   = "hep-ph",
      reportNumber   = "SLAC-PUB-13232, IPPP-08-31, DCPT-08-62, MCNET-08-08",
      SLACcitation   = "%%CITATION = ARXIV:0808.3674;%%"
}

%ckkw
@article{Catani:2001cc,
      author         = "Catani, S. and Krauss, F. and Kuhn, R. and Webber, B. R.",
      title          = "{QCD matrix elements + parton showers}",
      journal        = "JHEP",
      volume         = "11",
      year           = "2001",
      pages          = "063",
      doi            = "10.1088/1126-6708/2001/11/063",
      eprint         = "hep-ph/0109231",
      archivePrefix  = "arXiv",
      primaryClass   = "hep-ph",
      reportNumber   = "CERN-TH-2000-367, CAVENDISH-HEP-00-03",
      SLACcitation   = "%%CITATION = HEP-PH/0109231;%%"
}

%openloops
@article{Cascioli:2011va,
      author         = "Cascioli, Fabio and Maierhofer, Philipp and Pozzorini,
                        Stefano",
      title          = "{Scattering Amplitudes with Open Loops}",
      journal        = "Phys. Rev. Lett.",
      volume         = "108",
      year           = "2012",
      pages          = "111601",
      doi            = "10.1103/PhysRevLett.108.111601",
      eprint         = "1111.5206",
      archivePrefix  = "arXiv",
      primaryClass   = "hep-ph",
      reportNumber   = "ZU-TH-23-11, LPN11-66",
      SLACcitation   = "%%CITATION = ARXIV:1111.5206;%%"
}

%cuttools
@article{Ossola:2007ax,
      author         = "Ossola, Giovanni and Papadopoulos, Costas G. and Pittau,
                        Roberto",
      title          = "{CutTools: A Program implementing the OPP reduction
                        method to compute one-loop amplitudes}",
      journal        = "JHEP",
      volume         = "03",
      year           = "2008",
      pages          = "042",
      doi            = "10.1088/1126-6708/2008/03/042",
      eprint         = "0711.3596",
      archivePrefix  = "arXiv",
      primaryClass   = "hep-ph",
      SLACcitation   = "%%CITATION = ARXIV:0711.3596;%%"
}

%oneloop
@article{vanHameren:2010cp,
      author         = "van Hameren, A.",
      title          = "{OneLOop: For the evaluation of one-loop scalar
                        functions}",
      journal        = "Comput. Phys. Commun.",
      volume         = "182",
      year           = "2011",
      pages          = "2427-2438",
      doi            = "10.1016/j.cpc.2011.06.011",
      eprint         = "1007.4716",
      archivePrefix  = "arXiv",
      primaryClass   = "hep-ph",
      reportNumber   = "IFJPAN-IV-2010-7",
      SLACcitation   = "%%CITATION = ARXIV:1007.4716;%%"
}

%collier
%\cite{Denner:2002ii,Denner:2005nn,Denner:2010tr,Denner:2016kdg}
@article{Denner:2016kdg,
      author         = "Denner, Ansgar and Dittmaier, Stefan and Hofer, Lars",
      title          = "{Collier: a fortran-based Complex One-Loop LIbrary in
                        Extended Regularizations}",
      journal        = "Comput. Phys. Commun.",
      volume         = "212",
      year           = "2017",
      pages          = "220-238",
      doi            = "10.1016/j.cpc.2016.10.013",
      eprint         = "1604.06792",
      archivePrefix  = "arXiv",
      primaryClass   = "hep-ph",
      reportNumber   = "FR-PHENO-2016-003, ICCUB-16-016",
      SLACcitation   = "%%CITATION = ARXIV:1604.06792;%%"
}
@article{Denner:2010tr,
      author         = "Denner, A. and Dittmaier, S.",
      title          = "{Scalar one-loop 4-point integrals}",
      journal        = "Nucl. Phys.",
      volume         = "B844",
      year           = "2011",
      pages          = "199-242",
      doi            = "10.1016/j.nuclphysb.2010.11.002",
      eprint         = "1005.2076",
      archivePrefix  = "arXiv",
      primaryClass   = "hep-ph",
      reportNumber   = "FR-PHENO-2010-020, PSI-PR-10-10",
      SLACcitation   = "%%CITATION = ARXIV:1005.2076;%%"
}
@article{Denner:2005nn,
      author         = "Denner, Ansgar and Dittmaier, S.",
      title          = "{Reduction schemes for one-loop tensor integrals}",
      journal        = "Nucl. Phys.",
      volume         = "B734",
      year           = "2006",
      pages          = "62-115",
      doi            = "10.1016/j.nuclphysb.2005.11.007",
      eprint         = "hep-ph/0509141",
      archivePrefix  = "arXiv",
      primaryClass   = "hep-ph",
      reportNumber   = "MPP-2005-84, PSI-PR-05-08",
      SLACcitation   = "%%CITATION = HEP-PH/0509141;%%"
}
@article{Denner:2002ii,
      author         = "Denner, Ansgar and Dittmaier, S.",
      title          = "{Reduction of one loop tensor five point integrals}",
      journal        = "Nucl. Phys.",
      volume         = "B658",
      year           = "2003",
      pages          = "175-202",
      doi            = "10.1016/S0550-3213(03)00184-6",
      eprint         = "hep-ph/0212259",
      archivePrefix  = "arXiv",
      primaryClass   = "hep-ph",
      reportNumber   = "MPI-PHT-2002-63, PSI-PR-02-21",
      SLACcitation   = "%%CITATION = HEP-PH/0212259;%%"
}

%hdecay
@article{Contino:2014aaa,
      author         = "Contino, Roberto and Ghezzi, Margherita and Grojean,
                        Christophe and M√ºhlleitner, Margarete and Spira, Michael",
      title          = "{eHDECAY: an Implementation of the Higgs Effective
                        Lagrangian into HDECAY}",
      journal        = "Comput. Phys. Commun.",
      volume         = "185",
      year           = "2014",
      pages          = "3412-3423",
      doi            = "10.1016/j.cpc.2014.06.028",
      eprint         = "1403.3381",
      archivePrefix  = "arXiv",
      primaryClass   = "hep-ph",
      reportNumber   = "CERN-PH-TH-2013-316, KA-TP-03-2014, PSI-PR-13-20",
      SLACcitation   = "%%CITATION = ARXIV:1403.3381;%%"
}

%root
@article{Antcheva:2011zz,
      author         = "Antcheva, I. and others",
      title          = "{ROOT: A C++ framework for petabyte data storage,
                        statistical analysis and visualization}",
      journal        = "Comput. Phys. Commun.",
      volume         = "182",
      year           = "2011",
      pages          = "1384-1385",
      doi            = "10.1016/j.cpc.2011.02.008",
      reportNumber   = "FERMILAB-PUB-09-661-CD",
      SLACcitation   = "%%CITATION = CPHCB,182,1384;%%"
}

%tmva
@article{Hocker:2007ht,
      author         = "Hocker, Andreas and others",
      title          = "{TMVA - Toolkit for Multivariate Data Analysis}",
      year           = "2007",
      eprint         = "physics/0703039",
      archivePrefix  = "arXiv",
      primaryClass   = "physics.data-an",
      reportNumber   = "CERN-OPEN-2007-007",
      SLACcitation   = "%%CITATION = PHYSICS/0703039;%%"
}

%CheckMATE2
@article{Dercks:2016npn,
      author         = "Dercks, Daniel and Desai, Nishita and Kim, Jong Soo and
                        Rolbiecki, Krzysztof and Tattersall, Jamie and Weber,
                        Torsten",
      title          = "{CheckMATE 2: From the model to the limit}",
      journal        = "Comput. Phys. Commun.",
      volume         = "221",
      year           = "2017",
      pages          = "383-418",
      doi            = "10.1016/j.cpc.2017.08.021",
      eprint         = "1611.09856",
      archivePrefix  = "arXiv",
      primaryClass   = "hep-ph",
      reportNumber   = "CTPU-16-36, CSIC-16-116, TTK-16-47",
      SLACcitation   = "%%CITATION = ARXIV:1611.09856;%%"
}

% CLs technique
@article{Read:2002hq,
      author         = "Read, Alexander L.",
      title          = "{Presentation of search results: The CL(s) technique}",
      booktitle      = "{Advanced Statistical Techniques in Particle Physics.
                        Proceedings, Conference, Durham, UK, March 18-22, 2002}",
      journal        = "J. Phys.",
      volume         = "G28",
      year           = "2002",
      pages          = "2693-2704",
      doi            = "10.1088/0954-3899/28/10/313",
      SLACcitation   = "%%CITATION = JPAGA,G28,2693;%%"
}
% anti-kt algorithm  
@article{Cacciari:2008gp,
      author         = "Cacciari, Matteo and Salam, Gavin P. and Soyez, Gregory",
      title          = "{The Anti-k(t) jet clustering algorithm}",
      journal        = "JHEP",
      volume         = "04",
      year           = "2008",
      pages          = "063",
      doi            = "10.1088/1126-6708/2008/04/063",
      eprint         = "0802.1189",
      archivePrefix  = "arXiv",
      primaryClass   = "hep-ph",
      reportNumber   = "LPTHE-07-03",
      SLACcitation   = "%%CITATION = ARXIV:0802.1189;%%"
}
@article{Cacciari:2005hq,
      author         = "Cacciari, Matteo and Salam, Gavin P.",
      title          = "{Dispelling the $N^{3}$ myth for the $k_t$ jet-finder}",
      journal        = "Phys. Lett.",
      volume         = "B641",
      year           = "2006",
      pages          = "57-61",
      doi            = "10.1016/j.physletb.2006.08.037",
      eprint         = "hep-ph/0512210",
      archivePrefix  = "arXiv",
      primaryClass   = "hep-ph",
      reportNumber   = "LPTHE-05-32",
      SLACcitation   = "%%CITATION = HEP-PH/0512210;%%"
}

%fastjet
%\cite{Cacciari:2005hq,Cacciari:2008gp,Cacciari:2011ma}
@article{Cacciari:2011ma,
      author         = "Cacciari, Matteo and Salam, Gavin P. and Soyez, Gregory",
      title          = "{FastJet User Manual}",
      journal        = "Eur. Phys. J.",
      volume         = "C72",
      year           = "2012",
      pages          = "1896",
      doi            = "10.1140/epjc/s10052-012-1896-2",
      eprint         = "1111.6097",
      archivePrefix  = "arXiv",
      primaryClass   = "hep-ph",
      reportNumber   = "CERN-PH-TH-2011-297",
      SLACcitation   = "%%CITATION = ARXIV:1111.6097;%%"
}

% MT2 family of kinematical discriminants
% Lester:1999tx,Bai:2012gs,Cheng:2008hk,Barr:2003rg
@article{Bai:2012gs,
      author         = "Bai, Yang and Cheng, Hsin-Chia and Gallicchio, Jason and
                        Gu, Jiayin",
      title          = "{Stop the Top Background of the Stop Search}",
      journal        = "JHEP",
      volume         = "07",
      year           = "2012",
      pages          = "110",
      doi            = "10.1007/JHEP07(2012)110",
      eprint         = "1203.4813",
      archivePrefix  = "arXiv",
      primaryClass   = "hep-ph",
      reportNumber   = "SLAC-PUB-14897",
      SLACcitation   = "%%CITATION = ARXIV:1203.4813;%%"
}
@article{Cheng:2008hk,
      author         = "Cheng, Hsin-Chia and Han, Zhenyu",
      title          = "{Minimal Kinematic Constraints and m(T2)}",
      journal        = "JHEP",
      volume         = "12",
      year           = "2008",
      pages          = "063",
      doi            = "10.1088/1126-6708/2008/12/063",
      eprint         = "0810.5178",
      archivePrefix  = "arXiv",
      primaryClass   = "hep-ph",
      SLACcitation   = "%%CITATION = ARXIV:0810.5178;%%"
}
@article{Barr:2003rg,
      author         = "Barr, Alan and Lester, Christopher and Stephens, P.",
      title          = "{m(T2): The Truth behind the glamour}",
      journal        = "J. Phys.",
      volume         = "G29",
      year           = "2003",
      pages          = "2343-2363",
      doi            = "10.1088/0954-3899/29/10/304",
      eprint         = "hep-ph/0304226",
      archivePrefix  = "arXiv",
      primaryClass   = "hep-ph",
      reportNumber   = "CAVENDISH-HEP-2002-02-14",
      SLACcitation   = "%%CITATION = HEP-PH/0304226;%%"
}
@article{Lester:1999tx,
      author         = "Lester, C. G. and Summers, D. J.",
      title          = "{Measuring masses of semiinvisibly decaying particles
                        pair produced at hadron colliders}",
      journal        = "Phys. Lett.",
      volume         = "B463",
      year           = "1999",
      pages          = "99-103",
      doi            = "10.1016/S0370-2693(99)00945-4",
      eprint         = "hep-ph/9906349",
      archivePrefix  = "arXiv",
      primaryClass   = "hep-ph",
      reportNumber   = "CAVENDISH-HEP-99-07",
      SLACcitation   = "%%CITATION = HEP-PH/9906349;%%"
}

%%%%%%%%%%%%%%%%%%%%%%%%%%%%%%%%%%%%%%%%%%%%%%%%%%%%%%%%%%%%%%%%%%
%% ML
%%%%%%%%%%%%%%%%%%%%%%%%%%%%%%%%%%%%%%%%%%%%%%%%%%%%%%%%%%%%%%%%%%

@article{aachen_wgan1,
      author         = "Erdmann, Martin and Geiger, Lukas and Glombitza, Jonas
                        and Schmidt, David",
      title          = "{Generating and refining particle detector simulations
                        using the Wasserstein distance in adversarial networks}",
      journal        = "Comput. Softw. Big Sci.",
      volume         = "2",
      year           = "2018",
      number         = "1",
      pages          = "4",
      doi            = "10.1007/s41781-018-0008-x",
      eprint         = "1802.03325",
      archivePrefix  = "arXiv",
      primaryClass   = "astro-ph.IM",
      SLACcitation   = "%%CITATION = ARXIV:1802.03325;%%"
}

@article{DijetGAN2,
      author         = "Di Sipio, Riccardo and Faucci Giannelli, Michele and
                        Ketabchi Haghighat, Sana and Palazzo, Serena",
      title          = "{DijetGAN: A Generative-Adversarial Network Approach for
                        the Simulation of QCD Dijet Events at the LHC}",
      journal        = "JHEP",
      volume         = "08",
      year           = "2020",
      pages          = "110",
      doi            = "10.1007/JHEP08(2019)110",
      eprint         = "1903.02433",
      archivePrefix  = "arXiv",
      primaryClass   = "hep-ex",
      SLACcitation   = "%%CITATION = ARXIV:1903.02433;%%"
}

@ARTICLE{goodfellow,
    author = {{Goodfellow}, Ian J. and {Pouget-Abadie}, Jean and {Mirza}, Mehdi and
         {Xu}, Bing and {Warde-Farley}, David and {Ozair}, Sherjil and
         {Courville}, Aaron and {Bengio}, Yoshua},
    title = "{Generative Adversarial Networks}",
    keywords = {Statistics - Machine Learning, Computer Science - Machine Learning},
    year = "2014",
    month = "Jun",
    archivePrefix = {arXiv},
    eprint = {1406.2661},
    primaryClass = {stat.ML}
}

@article{cond_gan,
    title={Conditional Generative Adversarial Nets},
    author={Mehdi Mirza and Simon Osindero},
    year={2014},
    eprint={1411.1784},
    archivePrefix={arXiv},
    primaryClass={cs.LG}
}

@article{maxim,
    author         = "Klimek, Matthew D. and Perelstein, Maxim",
    title          = "{Neural Network-Based Approach to Phase Space
    Integration}",
    year           = "2018",
    eprint         = "1810.11509",
    archivePrefix  = "arXiv",
    primaryClass   = "hep-ph",
    SLACcitation   = "%%CITATION = ARXIV:1810.11509;%%"
}

@article{bendavid,
    author         = "Bendavid, Joshua",
    title          = "{Efficient Monte Carlo Integration Using Boosted Decision
    Trees and Generative Deep Neural Networks}",
    year           = "2017",
    eprint         = "1707.00028",
    archivePrefix  = "arXiv",
    primaryClass   = "hep-ph",
    SLACcitation   = "%%CITATION = ARXIV:1707.00028;%%"
}

@article{dutch,
    author         = "Otten, Sydney and others",
    title          = "{Event Generation and Statistical Sampling with Deep
    Generative Models and a Density Information Buffer}",
    year           = "2019",
    eprint         = "1901.00875",
    archivePrefix  = "arXiv",
    primaryClass   = "hep-ph",
    SLACcitation   = "%%CITATION = ARXIV:1901.00875;%%"
}

@article{calogan2,
    author         = "Paganini, Michela and de Oliveira, Luke and Nachman,
    Benjamin",
    title          = "{CaloGAN : Simulating 3D high energy particle showers in
    multilayer electromagnetic calorimeters with generative
    adversarial networks}",
    journal        = "Phys. Rev.",
    volume         = "D97",
    year           = "2018",
    number         = "1",
    pages          = "014021",
    doi            = "10.1103/PhysRevD.97.014021",
    eprint         = "1712.10321",
    archivePrefix  = "arXiv",
    primaryClass   = "hep-ex",
    SLACcitation   = "%%CITATION = ARXIV:1712.10321;%%"
}

@article{tensorflow,
    author    = {Mart{\'{\i}}n Abadi and others},
    title     = {TensorFlow: {A} system for large-scale machine learning},
    journal   = {CoRR},
    year      = {2016},
    archivePrefix = {arXiv},
    eprint    = {1605.08695},
    primaryClass = {cs.DC},
    biburl    = {https://dblp.org/rec/bib/journals/corr/AbadiBCCDDDGIIK16},
    bibsource = {dblp computer science bibliography, https://dblp.org}
}

@article{calogan1,
    author         = "Paganini, Michela and de Oliveira, Luke and Nachman,
    Benjamin",
    title          = "{Accelerating Science with Generative Adversarial
    Networks: An Application to 3D Particle Showers in
    Multilayer Calorimeters}",
    journal        = "Phys. Rev. Lett.",
    volume         = "120",
    year           = "2018",
    number         = "4",
    pages          = "042003",
    doi            = "10.1103/PhysRevLett.120.042003",
    eprint         = "1705.02355",
    archivePrefix  = "arXiv",
    primaryClass   = "hep-ex",
    SLACcitation   = "%%CITATION = ARXIV:1705.02355;%%"
}

@ARTICLE{wgan_original,
    author = {{Arjovsky}, Martin and {Chintala}, Soumith and {Bottou}, L{\'e}on},
    title = "{Wasserstein GAN}",
    keywords = {Statistics - Machine Learning, Computer Science - Machine Learning},
    year = "2017",
    archivePrefix = {arXiv},
    eprint = {1701.07875},
    primaryClass = {stat.ML}
}

@ARTICLE{wgan_gp,
    author = {{Gulrajani}, Ishaan and {Ahmed}, Faruk and {Arjovsky}, Martin and
    {Dumoulin}, Vincent and {Courville}, Aaron},
    title = "{Improved Training of Wasserstein GANs}",
    keywords = {Computer Science - Machine Learning, Statistics - Machine Learning},
    year = "2017",
    archivePrefix = {arXiv},
    eprint = {1704.00028},
    primaryClass = {cs.LG}
}

@article{gan_datasets,
      author         = "Hashemi, Bobak and Amin, Nick and Datta, Kaustuv and
                        Olivito, Dominick and Pierini, Maurizio",
      title          = "{LHC analysis-specific datasets with Generative
                        Adversarial Networks}",
      year           = "2019",
      eprint         = "1901.05282",
      archivePrefix  = "arXiv",
      primaryClass   = "hep-ex"
}

@article{gan_phasespace,
      author         = "Butter, Anja and Plehn, Tilman and Winterhalder, Ramon",
      title          = "{How to GAN LHC Events}",
      year = "2019",
      eprint         = "1907.03764",
      archivePrefix  = "arXiv",
      primaryClass   = "hep-ph",
      SLACcitation   = "%%CITATION = ARXIV:1907.03764;%%"
}

@article{fast_accurate,
    author         = "Musella, Pasquale and Pandolfi, Francesco",
    title          = "{Fast and Accurate Simulation of Particle Detectors Using
    Generative Adversarial Networks}",
    journal        = "Comput. Softw. Big Sci.",
    volume         = "2",
    year           = "2018",
    number         = "1",
    pages          = "8",
    doi            = "10.1007/s41781-018-0015-y",
    eprint         = "1805.00850",
    archivePrefix  = "arXiv",
    primaryClass   = "hep-ex",
    SLACcitation   = "%%CITATION = ARXIV:1805.00850;%%"
}

@techreport{ATLASShowerGAN,
    title         = "{Deep generative models for fast shower simulation in ATLAS}",
    institution   = "CERN",
    collaboration = "ATLAS Collaboration",
    address       = "Geneva",
    number        = "ATL-SOFT-PUB-2018-001",
    month         = "Jul",
    year          = "2018",
    reportNumber  = "ATL-SOFT-PUB-2018-001",
    url           = "http://cds.cern.ch/record/2630433",
}

@techreport{ATLASsimGAN,
    author         = "Ghosh, Aishik",
    title         = "{}",
    institution   = "CERN",
    collaboration = "ATLAS Collaboration",
    address       = "Geneva",
    number        = "ATL-SOFT-PUB-2019-007",
    month         = "Jun",
    year          = "2019",
    reportNumber  = "ATL-SOFT-PUB-2019-007",
    url           = "http://cds.cern.ch/record/2680531",
}

@article{locationGAN,
    author         = "de Oliveira, Luke and Paganini, Michela and Nachman,
    Benjamin",
    title          = "{Learning Particle Physics by Example: Location-Aware
    Generative Adversarial Networks for Physics Synthesis}",
    journal        = "Comput. Softw. Big Sci.",
    volume         = "1",
    year           = "2017",
    number         = "1",
    pages          = "4",
    doi            = "10.1007/s41781-017-0004-6",
    eprint         = "1701.05927",
    archivePrefix  = "arXiv",
    primaryClass   = "stat.ML",
    SLACcitation   = "%%CITATION = ARXIV:1701.05927;%%"
}

@article{monkshower,
    author         = "Monk, J. W.",
    title          = "{Deep Learning as a Parton Shower}",
    journal        = "JHEP",
    volume         = "12",
    year           = "2018",
    pages          = "021",
    doi            = "10.1007/JHEP12(2018)021",
    eprint         = "1807.03685",
    archivePrefix  = "arXiv",
    primaryClass   = "hep-ph",
    SLACcitation   = "%%CITATION = ARXIV:1807.03685;%%"
}

@article{juniprshower,
    author         = "Andreassen, Anders and Feige, Ilya and Frye, Christopher
    and Schwartz, Matthew D.",
    title          = "{JUNIPR: a Framework for Unsupervised Machine Learning in
    Particle Physics}",
    journal        = "Eur. Phys. J.",
    volume         = "C79",
    year           = "2019",
    number         = "2",
    pages          = "102",
    doi            = "10.1140/epjc/s10052-019-6607-9",
    eprint         = "1804.09720",
    archivePrefix  = "arXiv",
    primaryClass   = "hep-ph",
    SLACcitation   = "%%CITATION = ARXIV:1804.09720;%%"
}

@article{FastJet,
    author         = "Cacciari, Matteo and Salam, Gavin P. and Soyez, Gregory",
    title          = "{FastJet User Manual}",
    journal        = "Eur. Phys. J.",
    volume         = "C72",
    year           = "2012",
    pages          = "1896",
    doi            = "10.1140/epjc/s10052-012-1896-2",
    eprint         = "1111.6097",
    archivePrefix  = "arXiv",
    primaryClass   = "hep-ph",
    reportNumber   = "CERN-PH-TH-2011-297",
    SLACcitation   = "%%CITATION = ARXIV:1111.6097;%%"
}

@article{anti_kt,
    author         = "Cacciari, Matteo and Salam, Gavin P. and Soyez, Gregory",
    title          = "{The anti-$k_t$ jet clustering algorithm}",
    journal        = "JHEP",
    volume         = "04",
    year           = "2008",
    pages          = "063",
    doi            = "10.1088/1126-6708/2008/04/063",
    eprint         = "0802.1189",
    archivePrefix  = "arXiv",
    primaryClass   = "hep-ph",
    reportNumber   = "LPTHE-07-03",
    SLACcitation   = "%%CITATION = ARXIV:0802.1189;%%"
}

@ARTICLE{GMMN,
    author = {{Li}, Yujia and {Swersky}, Kevin and {Zemel}, Richard},
    title = "{Generative Moment Matching Networks}",
    keywords = {Computer Science - Machine Learning, Computer Science - Artificial Intelligence, Statistics - Machine Learning},
    year = "2015",
    eid = {arXiv:1502.02761},
    pages = {arXiv:1502.02761},
    archivePrefix = {arXiv},
    eprint = {1502.02761},
    primaryClass = {cs.LG},
    adsurl = {https://ui.adsabs.harvard.edu/abs/2015arXiv150202761L},
    adsnote = {Provided by the SAO/NASA Astrophysics Data System}
}

@article{Cowan:2002in,
      author         = "Cowan, G.",
      title          = "{A survey of unfolding methods for particle physics}",
      booktitle      = "{Advanced Statistical Techniques in Particle Physics.
                        Proceedings, Conference, Durham, UK, March 18-22, 2002}",
      journal        = "Conf. Proc.",
      volume         = "C0203181",
      year           = "2002",
      pages          = "248-257",
      note           = "[,248(2002)]",
      SLACcitation   = "%%CITATION = CONFP,C0203181,248;%%"
}

@book{Blobel:2011fih,
    author        = "Blobel, Volker",
    title         = "{Unfolding Methods in Particle Physics}",
    pages         = "240-251. 12 p",
    month         = "Jan",
    year          = "2011",
    url           = "https://cds.cern.ch/record/2203257",
    doi           = "10.5170/CERN-2011-006.240",
}

@article{Gagunashvili:2010zw,
      author         = "Gagunashvili, Nikolai D.",
      title          = "{Machine learning approach to inverse problem and
                        unfolding procedure}",
      year           = "2010",
      eprint         = "1004.2006",
      archivePrefix  = "arXiv",
      primaryClass   = "physics.data-an",
      SLACcitation   = "%%CITATION = ARXIV:1004.2006;%%"
}

@article{Balasubramanian:2019itp,
      author         = "Balasubramanian, Rahul and Brenner, Lydia and Burgard,
                        Carsten and Cowan, Glen and Croft, Vincent and Verkerke,
                        Wouter and Verschuuren, Pim",
      title          = "{Statistical method and comparison of different unfolding
                        techniques using RooFit}",
      year           = "2019",
      eprint         = "1910.14654",
      archivePrefix  = "arXiv",
      primaryClass   = "physics.data-an",
      SLACcitation   = "%%CITATION = ARXIV:1910.14654;%%"
}

@article{madminer,
      author         = "Brehmer, Johann and Cranmer, Kyle and Louppe, Gilles and
                        Pavez, Juan",
      title          = "{A Guide to Constraining Effective Field Theories with
                        Machine Learning}",
      journal        = "Phys. Rev.",
      volume         = "D98",
      year           = "2018",
      number         = "5",
      pages          = "052004",
      doi            = "10.1103/PhysRevD.98.052004",
      eprint         = "1805.00020",
      archivePrefix  = "arXiv",
      primaryClass   = "hep-ph",
      SLACcitation   = "%%CITATION = ARXIV:1805.00020;%%"
}

@article{madminer_tool,
      author         = "Brehmer, Johann and Kling, Felix and Espejo, Irina and
                        Cranmer, Kyle",
      title          = "{MadMiner: Machine learning-based inference for particle
                        physics}",
      year           = "2019",
      eprint         = "1907.10621",
      archivePrefix  = "arXiv",
      primaryClass   = "hep-ph",
      SLACcitation   = "%%CITATION = ARXIV:1907.10621;%%"
}

@article{omnifold,
      author         = "Andreassen, Anders and Komiske, Patrick T. and Metodiev,
                        Eric M. and Nachman, Benjamin and Thaler, Jesse",
      title          = "{OmniFold: A Method to Simultaneously Unfold All
                        Observables}",
      year           = "2019",
      eprint         = "1911.09107",
      archivePrefix  = "arXiv",
      primaryClass   = "hep-ph",
      reportNumber   = "MIT-CTP 5155",
      SLACcitation   = "%%CITATION = ARXIV:1911.09107;%%"
}

@article{Datta:2018mwd,
      author         = "Datta, Kaustuv and Kar, Deepak and Roy, Debarati",
      title          = "{Unfolding with Generative Adversarial Networks}",
      year           = "2018",
      eprint         = "1806.00433",
      archivePrefix  = "arXiv",
      primaryClass   = "physics.data-an",
      SLACcitation   = "%%CITATION = ARXIV:1806.00433;%%"
}

@article{shower,
    author         = "Bothmann, Enrico and Debbio, Luigi",
    title          = "{Reweighting a parton shower using a neural network: the
    final-state case}",
    journal        = "JHEP",
    volume         = "01",
    year           = "2019",
    pages          = "033",
    doi            = "10.1007/JHEP01(2019)033",
    eprint         = "1808.07802",
    archivePrefix  = "arXiv",
    primaryClass   = "hep-ph",
    SLACcitation   = "%%CITATION = ARXIV:1808.07802;%%"
}

@article{Hartland:2019bjb,
      author         = "Hartland, Nathan P. and Maltoni, Fabio and Nocera,
                        Emanuele R. and Rojo, Juan and Slade, Emma and Vryonidou,
                        Eleni and Zhang, Cen",
      title          = "{A Monte Carlo global analysis of the Standard Model
                        Effective Field Theory: the top quark sector}",
      journal        = "JHEP",
      volume         = "04",
      year           = "2019",
      pages          = "100",
      doi            = "10.1007/JHEP04(2019)100",
      eprint         = "1901.05965",
      archivePrefix  = "arXiv",
      primaryClass   = "hep-ph",
      reportNumber   = "OUTP-18-07P, Nikhef-2018-058, CP3-19-02,
                        CERN-TH-2018-274",
      SLACcitation   = "%%CITATION = ARXIV:1901.05965;%%"
}

@article{Brivio:2019ius,
      author         = "Brivio, Ilaria and Bruggisser, Sebastian and Maltoni,
                        Fabio and Moutafis, Rhea and Plehn, Tilman and Vryonidou,
                        Eleni and Westhoff, Susanne and Zhang, C.",
      title          = "{O new physics, where art thou? A global search in the
                        top sector}",
      year           = "2019",
      eprint         = "1910.03606",
      archivePrefix  = "arXiv",
      primaryClass   = "hep-ph",
      reportNumber   = "P3H-19-036",
      SLACcitation   = "%%CITATION = ARXIV:1910.03606;%%"
}

@article{Buckley:2015lku,
      author         = "Buckley, Andy and Englert, Christoph and Ferrando, James
                        and Miller, David J. and Moore, Liam and Russell, Michael
                        and White, Chris D.",
      title          = "{Constraining top quark effective theory in the LHC Run
                        II era}",
      journal        = "JHEP",
      volume         = "04",
      year           = "2016",
      pages          = "015",
      doi            = "10.1007/JHEP04(2016)015",
      eprint         = "1512.03360",
      archivePrefix  = "arXiv",
      primaryClass   = "hep-ph",
      SLACcitation   = "%%CITATION = ARXIV:1512.03360;%%"
}

@article{Biekotter:2018rhp,
      author         = "Biek{\"o}tter, Anke and Corbett, Tyler and Plehn, Tilman",
      title          = "{The Gauge-Higgs Legacy of the LHC Run II}",
      journal        = "SciPost Phys.",
      volume         = "6",
      year           = "2019",
      pages          = "064",
      doi            = "10.21468/SciPostPhys.6.6.064",
      eprint         = "1812.07587",
      archivePrefix  = "arXiv",
      primaryClass   = "hep-ph",
      SLACcitation   = "%%CITATION = ARXIV:1812.07587;%%"
}

@article{aachen_wgan1,
      author         = "Erdmann, Martin and Geiger, Lukas and Glombitza, Jonas
                        and Schmidt, David",
      title          = "{Generating and refining particle detector simulations
                        using the Wasserstein distance in adversarial networks}",
      journal        = "Comput. Softw. Big Sci.",
      volume         = "2",
      year           = "2018",
      number         = "1",
      pages          = "4",
      doi            = "10.1007/s41781-018-0008-x",
      eprint         = "1802.03325",
      archivePrefix  = "arXiv",
      primaryClass   = "astro-ph.IM",
      SLACcitation   = "%%CITATION = ARXIV:1802.03325;%%"
}

@article{aachen_wgan2,
    author         = "Erdmann, Martin and Glombitza, Jonas and Quast, Thorben",
    title          = "{Precise simulation of electromagnetic calorimeter
    showers using a Wasserstein Generative Adversarial
    Network}",
    journal        = "Comput. Softw. Big Sci.",
    volume         = "3",
    year           = "2019",
    pages          = "4",
    doi            = "10.1007/s41781-018-0019-7",
    eprint         = "1807.01954",
    archivePrefix  = "arXiv",
    primaryClass   = "physics.ins-det",
    SLACcitation   = "%%CITATION = ARXIV:1807.01954;%%"
}

@article{Khachatryan:2015oqa,
      author         = "Khachatryan, Vardan and others",
      title          = "{Measurement of the differential cross section for top
                        quark pair production in pp collisions at $\sqrt{s} =
                        8\,\text {TeV} $}",
      collaboration  = "CMS",
      journal        = "Eur. Phys. J.",
      volume         = "C75",
      year           = "2015",
      number         = "11",
      pages          = "542",
      doi            = "10.1140/epjc/s10052-015-3709-x",
      eprint         = "1505.04480",
      archivePrefix  = "arXiv",
      primaryClass   = "hep-ex",
      reportNumber   = "CMS-TOP-12-028, CERN-PH-EP-2015-117",
      SLACcitation   = "%%CITATION = ARXIV:1505.04480;%%"
}

@article{Aad:2015mbv,
      author         = "Aad, Georges and others",
      title          = "{Measurements of top-quark pair differential
                        cross-sections in the lepton+jets channel in $pp$
                        collisions at $\sqrt{s}=8$ TeV using the ATLAS detector}",
      collaboration  = "ATLAS",
      journal        = "Eur. Phys. J.",
      volume         = "C76",
      year           = "2016",
      number         = "10",
      pages          = "538",
      doi            = "10.1140/epjc/s10052-016-4366-4",
      eprint         = "1511.04716",
      archivePrefix  = "arXiv",
      primaryClass   = "hep-ex",
      reportNumber   = "CERN-PH-EP-2015-239",
      SLACcitation   = "%%CITATION = ARXIV:1511.04716;%%"
}

@article{Brehmer:2015rna,
      author         = "Brehmer, Johann and Freitas, Ayres and Lopez-Val, David
                        and Plehn, Tilman",
      title          = "{Pushing Higgs Effective Theory to its Limits}",
      journal        = "Phys. Rev.",
      volume         = "D93",
      year           = "2016",
      number         = "7",
      pages          = "075014",
      doi            = "10.1103/PhysRevD.93.075014",
      eprint         = "1510.03443",
      archivePrefix  = "arXiv",
      primaryClass   = "hep-ph",
      SLACcitation   = "%%CITATION = ARXIV:1510.03443;%%"
}

@article{Brehmer:2019gmn,
      author         = "Brehmer, Johann and Dawson, Sally and Homiller, Samuel
                        and Kling, Felix and Plehn, Tilman",
      title          = "{Benchmarking simplified template cross sections in $WH$
                        production}",
      journal        = "JHEP",
      volume         = "11",
      year           = "2019",
      pages          = "034",
      doi            = "10.1007/JHEP11(2019)034",
      eprint         = "1908.06980",
      archivePrefix  = "arXiv",
      primaryClass   = "hep-ph",
      reportNumber   = "YITP-SB-19-22",
      SLACcitation   = "%%CITATION = ARXIV:1908.06980;%%"
}

@article{Kondo:1988yd,
      author         = "Kondo, K.",
      title          = "{Dynamical Likelihood Method for Reconstruction of Events
                        With Missing Momentum. 1: Method and Toy Models}",
      journal        = "J. Phys. Soc. Jap.",
      volume         = "57",
      year           = "1988",
      pages          = "4126-4140",
      doi            = "10.1143/JPSJ.57.4126",
      SLACcitation   = "%%CITATION = JUPSA,57,4126;%%"
}

@article{Martini:2017ydu,
      author         = "Martini, Till and Uwer, Peter",
      title          = "{The Matrix Element Method at next-to-leading order QCD
                        for hadronic collisions: Single top-quark production at
                        the LHC as an example application}",
      journal        = "JHEP",
      volume         = "05",
      year           = "2018",
      pages          = "141",
      doi            = "10.1007/JHEP05(2018)141",
      eprint         = "1712.04527",
      archivePrefix  = "arXiv",
      primaryClass   = "hep-ph",
      reportNumber   = "HU-EP-17-28",
      SLACcitation   = "%%CITATION = ARXIV:1712.04527;%%"
}

@article{Gritsan:2016hjl,
      author         = "Gritsan, Andrei V. and R√∂ntsch, Raoul and Schulze,
                        Markus and Xiao, Meng",
      title          = "{Constraining anomalous Higgs boson couplings to the
                        heavy flavor fermions using matrix element techniques}",
      journal        = "Phys. Rev.",
      volume         = "D94",
      year           = "2016",
      number         = "5",
      pages          = "055023",
      doi            = "10.1103/PhysRevD.94.055023",
      eprint         = "1606.03107",
      archivePrefix  = "arXiv",
      primaryClass   = "hep-ph",
      reportNumber   = "TTP16-020, CERN-TH-2016-135",
      SLACcitation   = "%%CITATION = ARXIV:1606.03107;%%"
}

@article{Martini:2015fsa,
      author         = "Martini, Till and Uwer, Peter",
      title          = "{Extending the Matrix Element Method beyond the Born
                        approximation: Calculating event weights at
                        next-to-leading order accuracy}",
      journal        = "JHEP",
      volume         = "09",
      year           = "2015",
      pages          = "083",
      doi            = "10.1007/JHEP09(2015)083",
      eprint         = "1506.08798",
      archivePrefix  = "arXiv",
      primaryClass   = "hep-ph",
      reportNumber   = "HU-EP-15-28",
      SLACcitation   = "%%CITATION = ARXIV:1506.08798;%%"
}

@article{Kraus:2019qoq,
      author         = "Kraus, Manfred and Martini, Till and Uwer, Peter",
      title          = "{Matrix Element Method at NLO for
                        (anti-)$\mathbf{k_t}$-jet algorithms}",
      journal        = "Phys. Rev.",
      volume         = "D100",
      year           = "2019",
      number         = "7",
      pages          = "076010",
      doi            = "10.1103/PhysRevD.100.076010",
      eprint         = "1901.08008",
      archivePrefix  = "arXiv",
      primaryClass   = "hep-ph",
      reportNumber   = "HU-EP-18/35",
      SLACcitation   = "%%CITATION = ARXIV:1901.08008;%%"
}

@article{Prestel:2019neg,
      author         = "Prestel, Stefan and Spannowsky, Michael",
      title          = "{HYTREES: Combining Matrix Elements and Parton Shower for
                        Hypothesis Testing}",
      journal        = "Eur. Phys. J.",
      volume         = "C79",
      year           = "2019",
      number         = "7",
      pages          = "546",
      doi            = "10.1140/epjc/s10052-019-7030-y",
      eprint         = "1901.11035",
      archivePrefix  = "arXiv",
      primaryClass   = "hep-ph",
      reportNumber   = "IPPP/19/1, LU-TP 19-07",
      SLACcitation   = "%%CITATION = ARXIV:1901.11035;%%"
}

@misc{keras,
    author = {Fran√ßois Chollet },
    year = {2015},
    publisher = {GitHub},
    journal = {GitHub repository},
    howpublished = {\url{https://github.com/fchollet/keras}}
}

@article{madgraph,
    author         = "Alwall, J. and others",
    title          = "{The automated computation of tree-level and
    next-to-leading order differential cross sections, and
    their matching to parton shower simulations}",
    journal        = "JHEP",
    volume         = "07",
    year           = "2014",
    pages          = "079",
    doi            = "10.1007/JHEP07(2014)079",
    eprint         = "1405.0301",
    archivePrefix  = "arXiv",
    primaryClass   = "hep-ph",
    reportNumber   = "CERN-PH-TH-2014-064, CP3-14-18, LPN14-066, MCNET-14-09,
    ZU-TH-14-14",
    SLACcitation   = "%%CITATION = ARXIV:1405.0301;%%"
}

@article{mmd,
  author    = {Arthur Gretton and
               Karsten M. Borgwardt and
               Malte J. Rasch and
               Bernhard Sch{\"{o}}lkopf and
               Alexander J. Smola},
  title     = {A Kernel Method for the Two-Sample Problem},
  journal   = {CoRR},
  year      = {2008},
  archivePrefix = {arXiv},
  eprint    = {0805.2368},
  primaryClass = {cs.LG},
  biburl    = {https://dblp.org/rec/bib/journals/corr/abs-0805-2368},
  bibsource = {dblp computer science bibliography, https://dblp.org}
}

@article{gan_stabilize_training,
  author    = {Kevin Roth and
               Aur{\'{e}}lien Lucchi and
               Sebastian Nowozin and
               Thomas Hofmann},
  title     = {Stabilizing Training of Generative Adversarial Networks through Regularization},
  journal   = {CoRR},
  year      = {2017},
  archivePrefix = {arXiv},
  eprint    = {1705.09367},
  primaryClass = {cs.LG},
  timestamp = {Mon, 13 Aug 2018 16:47:18 +0200},
  adsurl = {https://ui.adsabs.harvard.edu/abs/2017arXiv170509367R},
  adsnote = {Provided by the SAO/NASA Astrophysics Data System}
}

@article{Biekoetter:2014jwa,
      author         = "Biek√∂tter, Anke and Knochel, Alexander and Kr√§mer,
                        Michael and Liu, Da and Riva, Francesco",
      title          = "{Vices and virtues of Higgs effective field theories at
                        large energy}",
      journal        = "Phys. Rev.",
      volume         = "D91",
      year           = "2015",
      pages          = "055029",
      doi            = "10.1103/PhysRevD.91.055029",
      eprint         = "1406.7320",
      archivePrefix  = "arXiv",
      primaryClass   = "hep-ph",
      SLACcitation   = "%%CITATION = ARXIV:1406.7320;%%"
}

@article{Cranmer:2019eaq,
    author = "Cranmer, Kyle and Brehmer, Johann and Louppe, Gilles",
    title = "{The frontier of simulation-based inference}",
    eprint = "1911.01429",
    archivePrefix = "arXiv",
    primaryClass = "stat.ML",
    month = "11",
    year = "2019"
}

@article{cinn2,
    title={Learning Likelihoods with Conditional Normalizing Flows},
    author={Christina Winkler and Daniel Worrall and Emiel Hoogeboom and Max Welling},
    year={2019},
    eprint={1912.00042},
    archivePrefix={arXiv},
    primaryClass={cs.LG}
}

@article{inn2,
    title={Analyzing Inverse Problems with Invertible Neural Networks},
    author={Lynton Ardizzone and Jakob Kruse and Carsten Rother and Ullrich K√∂the},
    year={2018},
    eprint={????},
    archivePrefix={arXiv},
    primaryClass={????}
}

@article{inn1,
    title={Analyzing Inverse Problems with Invertible Neural Networks},
    author={Lynton Ardizzone and Jakob Kruse and Sebastian Wirkert and Daniel Rahner and Eric W. Pellegrini and Ralf S. Klessen and Lena Maier-Hein and Carsten Rother and Ullrich K√∂the},
    year={2018},
    eprint={1808.04730},
    archivePrefix={arXiv},
    primaryClass={cs.LG}
}

@article{subgan,
      author         = "Butter, Anja and Plehn, Tilman and Winterhalder, Ramon",
      title          = "{How to GAN Event Subtraction}",
      year           = "2019",
      eprint         = "1912.08824",
      archivePrefix  = "arXiv",
      primaryClass   = "hep-ph",
      SLACcitation   = "%%CITATION = ARXIV:1912.08824;%%"
}

@article{fcgan,
    author = "Bellagente, Marco and Butter, Anja and Kasieczka, Gregor and Plehn, Tilman and Winterhalder, Ramon",
    title = "{How to GAN away Detector Effects}",
    eprint = "1912.00477",
    archivePrefix = "arXiv",
    primaryClass = "hep-ph",
    doi = "10.21468/SciPostPhys.8.4.070",
    journal = "SciPost Phys.",
    volume = "8",
    number = "4",
    pages = "070",
    year = "2020"
}

@article{glow,
    title={Glow: Generative Flow with Invertible 1x1 Convolutions},
    author={Diederik P. Kingma and Prafulla Dhariwal},
    year={2018},
    eprint={1807.03039},
    archivePrefix={arXiv},
    primaryClass={stat.ML}
}

@article{irevnet,
    title={i-RevNet: Deep Invertible Networks},
    author={J√∂rn-Henrik Jacobsen and Arnold Smeulders and Edouard Oyallon},
    year={2018},
    eprint={1802.07088},
    archivePrefix={arXiv},
    primaryClass={cs.LG}
}
@article{coupling1,
    title={NICE: Non-linear Independent Components Estimation},
    author={Laurent Dinh and David Krueger and Yoshua Bengio},
    year={2014},
    eprint={1410.8516},
    archivePrefix={arXiv},
    primaryClass={cs.LG}
}

@article{coupling2,
    title={Density estimation using Real NVP},
    author={Laurent Dinh and Jascha Sohl-Dickstein and Samy Bengio},
    year={2016},
    eprint={1605.08803},
    archivePrefix={arXiv},
    primaryClass={cs.LG}
}

@article{Bishara:2019iwh,
    author = "Bishara, Fady and Montull, Marc",
    title = "{(Machine) Learning Amplitudes for Faster Event Generation}",
    eprint = "1912.11055",
    archivePrefix = "arXiv",
    primaryClass = "hep-ph",
    reportNumber = "DESY-19-232",
    month = "12",
    year = "2019"
}

@article{Badger:2020uow,
    author = "Badger, Simon and Bullock, Joseph",
    title = "{Using neural networks for efficient evaluation of high multiplicity scattering amplitudes}",
    eprint = "2002.07516",
    archivePrefix = "arXiv",
    primaryClass = "hep-ph",
    reportNumber = "IPPP/20/5",
    month = "2",
    year = "2020"
}

@article{Belayneh:2019vyx,
    author = "Belayneh, Dawit and others",
    title = "{Calorimetry with Deep Learning: Particle Simulation and Reconstruction for Collider Physics}",
    eprint = "1912.06794",
    archivePrefix = "arXiv",
    primaryClass = "physics.ins-det",
    month = "12",
    year = "2019"
}

@article{Buhmann:2020pmy,
    author = "Buhmann, Erik and Diefenbacher, Sascha and Eren, Engin and Gaede, Frank and Kasieczka, Gregor and Korol, Anatolii and Kr√ºger, Katja",
    title = "{Getting High: High Fidelity Simulation of High Granularity Calorimeters with High Speed}",
    eprint = "2005.05334",
    archivePrefix = "arXiv",
    primaryClass = "physics.ins-det",
    reportNumber = "DESY-20-075",
    month = "5",
    year = "2020"
}

@article{bsm_gan,
      author         = "Lin, Joshua and Bhimji, Wahid and Nachman, Benjamin",
      title          = "{Machine Learning Templates for QCD Factorization in the
                        Search for Physics Beyond the Standard Model}",
      journal        = "JHEP",
      volume         = "05",
      year           = "2019",
      pages          = "181",
      doi            = "10.1007/JHEP05(2019)181",
      eprint         = "1903.02556",
      archivePrefix  = "arXiv",
      primaryClass   = "hep-ph",
      SLACcitation   = "%%CITATION = ARXIV:1903.02556;%%"
}

@article{Nachman:2020lpy,
      author         = "Nachman, Benjamin and Shih, David",
      title          = "{Anomaly Detection with Density Estimation}",
      year           = "2020",
      eprint         = "2001.04990",
      archivePrefix  = "arXiv",
      primaryClass   = "hep-ph",
      SLACcitation   = "%%CITATION = ARXIV:2001.04990;%%"
}

@article{Gao:2020zvv,
    author = "Gao, Christina and H√∂che, Stefan and Isaacson, Joshua and Krause, Claudius and Schulz, Holger",
    title = "{Event Generation with Normalizing Flows}",
    eprint = "2001.10028",
    archivePrefix = "arXiv",
    primaryClass = "hep-ph",
    reportNumber = "FERMILAB-PUB-20-009-SCD-T, MCNET-20-03",
    doi = "10.1103/PhysRevD.101.076002",
    journal = "Phys. Rev. D",
    volume = "101",
    number = "7",
    pages = "076002",
    year = "2020"
}

@article{nflow1,
    title={Variational Inference with Normalizing Flows},
    author={Danilo Jimenez Rezende and Shakir Mohamed},
    year={2015},
    eprint={1505.05770},
    archivePrefix={arXiv},
    primaryClass={stat.ML}
}

@article{mller2018neural,
    title={Neural Importance Sampling},
    author={Thomas M√ºller and Brian McWilliams and Fabrice Rousselle and Markus Gross and Jan Nov√°k},
    year={2018},
    eprint={1808.03856},
    archivePrefix={arXiv},
    primaryClass={cs.LG}
}

@article{nflow_review,
    title={Normalizing Flows: An Introduction and Review of Current Methods},
    author={Ivan Kobyzev and Simon Prince and Marcus A. Brubaker},
    year={2019},
    eprint={1908.09257},
    archivePrefix={arXiv},
    primaryClass={stat.ML}
}

@article{Bothmann:2020ywa,
      author         = "Bothmann, Enrico and Jan√üen, Timo and Knobbe, Max and
                        Schmale, Tobias and Schumann, Steffen",
      title          = "{Exploring phase space with Neural Importance Sampling}",
      year           = "2020",
      eprint         = "2001.05478",
      archivePrefix  = "arXiv",
      primaryClass   = "hep-ph",
      reportNumber   = "MCNET-20-01",
      SLACcitation   = "%%CITATION = ARXIV:2001.05478;%%"
}

@article{Gao:2020vdv,
      author         = "Gao, Christina and Isaacson, Joshua and Krause, Claudius",
      title          = "{i-flow: High-dimensional Integration and Sampling with
                        Normalizing Flows}",
      year           = "2020",
      eprint         = "2001.05486",
      archivePrefix  = "arXiv",
      primaryClass   = "physics.comp-ph",
      reportNumber   = "FERMILAB-PUB-20-010-T",
      SLACcitation   = "%%CITATION = ARXIV:2001.05486;%%"
}

@article{papamakarios2019normalizing,
    title={Normalizing Flows for Probabilistic Modeling and Inference},
    author={George Papamakarios and Eric Nalisnick and Danilo Jimenez Rezende and Shakir Mohamed and Balaji Lakshminarayanan},
    year={2019},
    eprint={1912.02762},
    archivePrefix={arXiv},
    primaryClass={stat.ML}
}

@article{Alanazi:2020klf,
    author = "Alanazi, Yasir and Sato, N. and Liu, Tianbo and Melnitchouk, W. and Kuchera, Michelle P. and Pritchard, Evan and Robertson, Michael and Strauss, Ryan and Velasco, Luisa and Li, Yaohang",
    title = "{Simulation of electron-proton scattering events by a Feature-Augmented and Transformed Generative Adversarial Network (FAT-GAN)}",
    eprint = "2001.11103",
    archivePrefix = "arXiv",
    primaryClass = "hep-ph",
    reportNumber = "JLAB-THY-20-3136",
    month = "1",
    year = "2020"
}

@article{Andreassen:2019cjw,
    author = "Andreassen, Anders and Komiske, Patrick T. and Metodiev, Eric M. and Nachman, Benjamin and Thaler, Jesse",
    title = "{OmniFold: A Method to Simultaneously Unfold All Observables}",
    eprint = "1911.09107",
    archivePrefix = "arXiv",
    primaryClass = "hep-ph",
    reportNumber = "MIT-CTP 5155",
    doi = "10.1103/PhysRevLett.124.182001",
    journal = "Phys. Rev. Lett.",
    volume = "124",
    number = "18",
    pages = "182001",
    year = "2020"
}

@article{cinn,
    title={Guided Image Generation with Conditional Invertible Neural Networks},
    author={Lynton Ardizzone and Carsten L√ºth and Jakob Kruse and Carsten Rother and Ullrich K√∂the},
    year={2019},
    eprint={1907.02392},
    archivePrefix={arXiv},
    primaryClass={cs.CV}
}

@article{Spano:2013nca,
    author = "Spano, Francesco",
    editor = "Delemontex, T. and Lucotte, Arnaud",
    title = "{Unfolding in particle physics: a window on solving inverse problems}",
    doi = "10.1051/epjconf/20135503002",
    journal = "EPJ Web Conf.",
    volume = "55",
    pages = "03002",
    year = "2013"
}

@article{Glazov:2017vni,
      author         = "Glazov, Alexander",
      title          = "{Machine learning as an instrument for data unfolding}",
      year           = "2017",
      eprint         = "1712.01814",
      archivePrefix  = "arXiv",
      primaryClass   = "physics.data-an",
      reportNumber   = "DESY-17-214",
      SLACcitation   = "%%CITATION = ARXIV:1712.01814;%%"
}

@article{pythia8,
    author = "Sj√∂strand, Torbj√∂rn and Ask, Stefan and Christiansen, Jesper R. and Corke, Richard and Desai, Nishita and Ilten, Philip and Mrenna, Stephen and Prestel, Stefan and Rasmussen, Christine O. and Skands, Peter Z.",
    title = "{An Introduction to PYTHIA 8.2}",
    eprint = "1410.3012",
    archivePrefix = "arXiv",
    primaryClass = "hep-ph",
    reportNumber = "LU-TP-14-36, MCNET-14-22, CERN-PH-TH-2014-190, FERMILAB-PUB-14-316-CD, DESY-14-178, SLAC-PUB-16122",
    doi = "10.1016/j.cpc.2015.01.024",
    journal = "Comput. Phys. Commun.",
    volume = "191",
    pages = "159--177",
    year = "2015"
}

@article{anti-kt,
    author = "Cacciari, Matteo and Salam, Gavin P. and Soyez, Gregory",
    title = "{The anti-$k_t$ jet clustering algorithm}",
    eprint = "0802.1189",
    archivePrefix = "arXiv",
    primaryClass = "hep-ph",
    reportNumber = "LPTHE-07-03",
    doi = "10.1088/1126-6708/2008/04/063",
    journal = "JHEP",
    volume = "04",
    pages = "063",
    year = "2008"
}

@article{Lucy_1974,
   title={An iterative technique for the rectification of observed distributions},
   volume={79(6)},
   journal={Astronomical Journal},
   author={Lucy, L. B.},
   year={1974},
   pages={745},
}

@article{Zech_2013,
   title={Iterative unfolding with the Richardson‚ÄìLucy algorithm},
   volume={716},
   ISSN={0168-9002},
   url={http://dx.doi.org/10.1016/j.nima.2013.03.026},
   DOI={10.1016/j.nima.2013.03.026},
   journal={Nuclear Instruments and Methods in Physics Research Section A: Accelerators, Spectrometers, Detectors and Associated Equipment},
   publisher={Elsevier BV},
   author={Zech, G.},
   year={2013},
   month={Jul},
   pages={1‚Äì9},
   eprint={1210.5177},
   archivePrefix={arXiv},
    primaryClass={physics.data-an}
}

@article{DAgostini:1994fjx,
      author         = "D'Agostini, G.",
      title          = "{A Multidimensional unfolding method based on Bayes'
                        theorem}",
      journal        = "Nucl. Instrum. Meth.",
      volume         = "A362",
      year           = "1995",
      pages          = "487-498",
      doi            = "10.1016/0168-9002(95)00274-X",
      reportNumber   = "DESY-94-099",
      SLACcitation   = "%%CITATION = NUIMA,A362,487;%%"
}

@article{delphes,
      author         = "de Favereau, J. and Delaere, C. and Demin, P. and
                        Giammanco, A. and Lema√Ætre, V. and Mertens, A. and
                        Selvaggi, M.",
      title          = "{DELPHES 3, A modular framework for fast simulation of a
                        generic collider experiment}",
      collaboration  = "DELPHES 3",
      journal        = "JHEP",
      volume         = "02",
      year           = "2014",
      pages          = "057",
      doi            = "10.1007/JHEP02(2014)057",
      eprint         = "1307.6346",
      archivePrefix  = "arXiv",
      primaryClass   = "hep-ex",
      SLACcitation   = "%%CITATION = ARXIV:1307.6346;%%"
}

